@manual{AES-FIPS,
  key           = {NIST},
  organization  = {{National Institute of Standards and Technology}},
  title         = {Announcing the {Advanced Encryption Standard} ({AES})},
  year          = {2001},
  note          = {Federal Information Processing Standards Publication 197, \url{http://csrc.nist.gov/publications/fips/fips197/fips-197.pdf}},
}

@article{RSA78,
  author    = {Ronald L. Rivest and Adi Shamir and Leonard M. Adleman},
  title     = {A Method for Obtaining Digital Signatures and Public-Key Cryptosystems},
  pages     = {120--126},
  year      = {1978},
  journal   = {Communications of the ACM},
  volume    = {21},
  number    = {2},
  publisher = {ACM New York, NY, USA},
  doi       = {10.1145/359340.359342},
}

@inproceedings{DBLP:conf/crypto/Kocher96,
  author    = {Paul C. Kocher},
  editor    = {Neal Koblitz},
  title     = {Timing Attacks on Implementations of Diffie-Hellman, RSA, DSS, and
               Other Systems},
  booktitle = {Advances in Cryptology - {CRYPTO} '96, 16th Annual International Cryptology
               Conference, Santa Barbara, California, USA, August 18-22, 1996, Proceedings},
  series    = {Lecture Notes in Computer Science},
  volume    = {1109},
  pages     = {104--113},
  publisher = {Springer},
  location  = {Santa Barbara, California},
  year      = {1996},
  url       = {https://doi.org/10.1007/3-540-68697-5_9},
  doi       = {10.1007/3-540-68697-5_9},
  timestamp = {Tue, 14 May 2019 10:00:48 +0200},
  biburl    = {https://dblp.org/rec/conf/crypto/Kocher96.bib},
  bibsource = {dblp computer science bibliography, https://dblp.org}
}
