@book{latex,
 author = {Leslie Lamport},
 title = {{LATEX} : A Document Preparation System},
 publisher = {Addison-Wesley Publishing Company},
 isbn = {020115790X},
 year = 1985,
 edition = {First Edition},
}

@misc{loweringthecost,
 author = {Joppe W. Bos and Kevin S. McCurley},
 title = {Lowering the Cost of Diamond Open Access Journals},
 year = 2025,
 doi = {10.48550/arXiv.2504.10424}
}

@article{tugboat,
 author = {Joppe W. Bos and Kevin S. McCurley},
 title = {Metadata in journal publishing},
 journal = {TUGBoat},
 volume = {44},
 number = {1},
 year = 2023,
 doi = {10.47397/tb/44-1/tb136bos-metadata},
 pages = {71-76}
}

@article{crot,
  author = {Hosseini, Mohammad and Colomb, Julien and Holcombe, Alex O. and Kern, Barbara and Vasilevsky, Nicole A. and Holmes, Kristi L.},
  title = {Evolution and adoption of contributor role ontologies and taxonomies},
  journal = {Learned Publishing},
  volume = {36},
  number = {2},
  pages = {275-284},
  doi = {10.1002/leap.1496},
  year = {2023}
}

@misc{falsehoods,
  title= {Falsehoods Programmers Believe About Names},
  url = {https://www.kalzumeus.com/2010/06/17/falsehoods-programmers-believe-about-names/},
  year = 2010,
  author = {Patrick McKenzie}
}

@article{xmpinlatex,
 author = {Ulrike Fischer and Frank Mittelbach},
 title = {Adding {XMP} metadata in {\LaTeX}},
 journal = {TUGBoat},
 volume = {43},
 number = {3},
 year = 2022,
 doi = {10.47397/tb/43-3/tb135fischer-xmp},
 url = {https://www.tug.org/TUGboat/tb43-3/tb135fischer-xmp.pdf},
 pages = {263-267}
}

@misc{iacrcc,
  author = {Joppe W. Bos and Kevin S. McCurley},
  title = {How to use the {IACR} {Communications} in {Cryptology} Class},
  url = {https://publish.iacr.org/iacrcc},
  year = 2023,
}