% This is from biblatex-samples.bib but previously had \emph in the title,
% which causes an error.
@inproceedings{noemph,
  author       = {Moraux, Paul},
  editor       = {Lloyd, G. E. R. and Owen, G. E. L.},
  title        = {Le {De Anima} dans la tradition gr{\`e}cque},
  date         = 1979,
  booktitle    = {Aristotle on Mind and the Senses},
  subtitle     = {Quelques aspects de l'interpretation du trait{\'e}, de
                  Theophraste {\`a} Themistius},
  booktitleaddon= {Proceedings of the Seventh Symposium Aristotelicum},
  eventdate    = 1975,
  publisher    = cup,
  location     = {Cambridge},
  pages        = {281-324},
  keywords     = {secondary},
  langid       = {french},
  indexsorttitle= {De Anima dans la tradition grecque},
  indextitle   = {{De Anima} dans la tradition gr{\`e}cque, Le},
  shorttitle   = {{De Anima} dans la tradition gr{\`e}cque},
  annotation   = {This is a typical \texttt{inproceedings} entry. Note the
                  \texttt{booksubtitle}, \texttt{shorttitle},
                  \texttt{indextitle}, and \texttt{indexsorttitle} fields. Also
                  note the \texttt{eventdate} field.},
}

@article{sample,
  author       = {Jan Erik Frantsvåg and Gayle Gaži and Jean-Sébastien Jørgensen},
  title        = {The proof that $\zeta(s) != 0$, and a paper by Großschädl},
  journal      = {Annals of Fake Research},
  volume       = {437},
  month        = {April},
  year         = 1937,
  note         = {Work was unsupported},
  publisher    = {Springer},
  doi          = {10.5281/foo.bar},
  url          = {https://theonion.com/}
}

