@manual{AES-FIPS,
  key           = {NIST},
  organization  = {{National Institute of Standards and Technology}},
  title         = {Announcing the {Advanced Encryption Standard} ({AES})},
  year          = {2001},
  note          = {Federal Information Processing Standards Publication 197, \url{http://csrc.nist.gov/publications/fips/fips197/fips-197.pdf}},
}