% Some of these are copied from cryptobib.
@manual{AES-FIPS,
  key           = {NIST},
  organization  = {{National Institute of Standards and Technology}},
  title         = {Announcing the {Advanced Encryption Standard} ({AES})},
  year          = {2001},
  note          = {Federal Information Processing Standards Publication 197, \url{http://csrc.nist.gov/publications/fips/fips197/fips-197.pdf}},
}

@Misc{AES,
  key =          "AES",
  title =        "{Advanced} {Encryption} {Standard} ({AES})",
  year =         2001,
  month =        nov,
  howpublished = "National Institute of Standards and Technology (NIST),
                  {FIPS PUB} 197, {U.S.} Department of Commerce",
}

@INPROCEEDINGS{EC:Matsui93,
  author =       "Mitsuru Matsui",
  title =        "Linear Cryptanalysis Method for {DES} Cipher",
  pages =        "386--397",
  editor =       eurocrypt93ed,
  booktitle =    eurocrypt93name,
  volume =       eurocrypt93vol,
  address =      eurocrypt93addr,
  month =        eurocrypt93month,
  publisher =    eurocryptpub,
  series =       mylncs,
  year =         1994,
  doi =          "10.1007/3-540-48285-7_33",
}

@Article{JC:BihSha91,
  author =       "Eli Biham and
                  Adi Shamir",
  title =        "Differential Cryptanalysis of {DES}-like Cryptosystems",
  pages =        "3--72",
  volume =       4,
  month =        jan,
  publisher =    springer,
  year =         1991,
  journal =      jcrypto,
  number =       1,
  doi =          "10.1007/BF00630563",
}

@InProceedings{C:KocJafJun99,
  author =       "Paul C. Kocher and
                  Joshua Jaffe and
                  Benjamin Jun",
  title =        "Differential Power Analysis",
  pages =        "388--397",
  editor =       crypto99ed,
  booktitle =    crypto99name,
  volume =       crypto99vol,
  address =      cryptoaddr,
  month =        crypto99month,
  publisher =    cryptopub,
  series =       mylncs,
  year =         1999,
  doi =          "10.1007/3-540-48405-1_25",
}

@Book{Dalheimer02,
  author =       "Matthias Kalle Dalheimer",
  title =        "Programming With {Qt}, Second Edition: Writing Portable {GUI} applications on {UNIX} and {Win32}",
  publisher =    "O'Reilly \& Associates, Inc.",
  month =        mar,
  year =         2002
}

@InProceedings{ACISP:MurPla19,
  author =       "Sean Murphy and
                  Rachel Player",
  title =        "{$\delta$}-subgaussian Random Variables in Cryptography",
  pages =        "251--268",
  editor =       acisp19ed,
  booktitle =    acisp19name,
  volume =       acisp19vol,
  address =      acisp19addr,
  month =        acisp19month,
  publisher =    acisppub,
  series =       mylncs,
  year =         2019,
  doi =          "10.1007/978-3-030-21548-4_14",
}

@InProceedings{ACISP:LYLF19,
  author =       "Weixuan Li and
                  Wei Yu and
                  Bao Li and
                  Xuejun Fan",
  title =        "Speeding up Scalar Multiplication on {Koblitz} Curves Using {$\mu_4$} Coordinates",
  pages =        "620--629",
  editor =       acisp19ed,
  booktitle =    acisp19name,
  volume =       acisp19vol,
  address =      acisp19addr,
  month =        acisp19month,
  publisher =    acisppub,
  series =       mylncs,
  year =         2019,
  doi =          "10.1007/978-3-030-21548-4_34",
}

@Book{Bohme10,
  author =       "Rainer B{\"o}hme",
  title =        "Advanced Statistical Steganalysis",
  publisher =    springer,
  series =       myisc,
  year =         2010,
  doi =          "10.1007/978-3-642-14313-7",
  isbn =         "978-3-642-14312-0",
}

@InProceedings{ACISP:WeiSteSha03,
  author =       "Andr{\'e} Weimerskirch and
                  Douglas Stebila and
                  Sheueling Chang Shantz",
  title =        "Generic {$\text{GF}(2^m)$} Arithmetic in Software and Its Application to {ECC}",
  pages =        "79--92",
  editor =       acisp03ed,
  booktitle =    acisp03name,
  volume =       acisp03vol,
  address =      acisp03addr,
  month =        acisp03month,
  publisher =    acisppub,
  series =       mylncs,
  year =         2003,
  doi =          "10.1007/3-540-45067-X_8",
}

@InProceedings{CCS:BHKNRS19,
  author =       "Daniel J. Bernstein and
                  Andreas H{\"u}lsing and
                  Stefan K{\"o}lbl and
                  Ruben Niederhagen and
                  Joost Rijneveld and
                  Peter Schwabe",
  title =        "The {SPHINCS}{$^+$} Signature Framework",
  pages =        "2129--2146",
  editor =       ccs19ed,
  booktitle =    ccs19name,
  address =      ccs19addr,
  month =        ccs19month,
  publisher =    ccspub,
  year =         2019,
  doi =          "10.1145/3319535.3363229",
}

@InProceedings{ACNS:DurHugVau20,
  author =       "F. Bet{\"u}l Durak and
                  Lo{\"i}s {Huguenin-Dumittan} and
                  Serge Vaudenay",
  title =        "{$\mathsf{BioLocker}$}: {A} Practical Biometric Authentication Mechanism Based on {3D} Fingervein",
  pages =        "62--80",
  editor =       acns20ed,
  booktitle =    acns20name2,
  volume =       acns20vol2,
  address =      acns20addr,
  month =        acns20month,
  publisher =    acnspub,
  series =       mylncs,
  year =         2020,
  doi =          "10.1007/978-3-030-57878-7_4",
}

@ARTICLE{vonNeumann,
  author={von Neumann, John},
  journal={Annals of the History of Computing}, 
  title={The Principles of Large-Scale Computing Machines}, 
  year={1981},
  volume={3},
  number={3},
  pages={263-273},
  doi={10.1109/MAHC.1981.10025}
}