@article{RSA78,
  author    = {Ronald L. Rivest and Adi Shamir and Leonard M. Adleman},
  title     = {A Method for Obtaining Digital Signatures and Public-Key Cryptosystems},
  pages     = {120--126},
  year      = {1978},
  journal   = {Communications of the ACM},
  volume    = {21},
  number    = {2},
  publisher = {ACM New York, NY, USA},
  doi       = {10.1145/359340.359342},
}
